% This file was created with JabRef 2.10b2.
% Encoding: UTF-8


@misc{openmp:2018,
  Title                   = {{OpenMP} The OpenMP API specification for parallel programming},
  Author                  = {OpenMP},
  Year                    = {2018},
  Url                     = {https://www.openmp.org/},
  Urlaccessdate           = {18 de maio de 2018}
}

@misc{inteltbb:2018,
  Title                   = {Threading Building Blocks},
  Author                  = {Intel},
  Year                    = {2018},
  Url                     = {https://www.threadingbuildingblocks.org/},
  Urlaccessdate           = {18 de maio de 2018}
}

@misc{opencl:2018,
  Title                   = {{Nvidia Accelerated Computing} OpenCL},
  Author                  = {Nvidia},
  Year                    = {2018},
  Url                     = {https://developer.nvidia.com/opencl},
  Urlaccessdate           = {18 de maio de 2018}
}

@misc{cuda:2018,
  Title                   = {{Nvidia Accelerated Computing} CUDA},
  Author                  = {Nvidia},
  Year                    = {2018},
  Url                     = {https://developer.nvidia.com/cuda-zone},
  Urlaccessdate           = {18 de maio de 2018}
}

@article{intrArqHete:2012,
  Title                    = {Introdu{\c{c}}{\~a}o {\`a} computa{\c{c}}{\~a}o heterog{\^e}nea},
  Author                   = {Stringhini, Denise and Gon{\c{c}}alves, Rog{\'e}rio A and Goldman, Alfredo},
  Journal                  = {XXXI Jornada de atualiza{\c{c}}a em Inform{\'a}tica (JAI)},
  Year                     = {2012}
}

@inproceedings{problemsArqHete:2013,
  title                    = {Portable performance on heterogeneous architectures},
  Author                   = {Phothilimthana, Phitchaya Mangpo and Ansel, Jason and Ragan-Kelley, Jonathan and Amarasinghe, Saman},
  Booktitle                = {ACM SIGARCH Computer Architecture News},
  Volume                   = {41},
  Number                   = {1},
  Pages                    = {431--444},
  Year                     = {2013},
  Organization             = {ACM}
}

@article{pinto2011ambientes,
  Title                    = {Ambientes de Programa{\c{c}}{\~a}o Paralela H{\'\i}brida},
  Author                   = {PINTO, VIN{\'I}CIUS GARCIA},
  Journal                  = {Porto Alegre},
  Year                     = {2011}
}

@phdthesis{kumar:tel-01538516,
  TITLE = {{Scheduling of Dense Linear Algebra Kernels on Heterogeneous Resources}},
  AUTHOR = {Kumar, Suraj},
  URL = {https://tel.archives-ouvertes.fr/tel-01538516},
  NUMBER = {2017BORD0572},
  SCHOOL = {{Universit{\'e} de Bordeaux}},
  YEAR = {2017},
  MONTH = Apr,
  KEYWORDS = {Runtime Systems ; Heterogeneous Platforms ; Task-based Scheduling ; Dynamic Schedulers ; Dense Linear Algebra ; Syst{\`e}mes d'ordonnancement dynamiques ; Plates-formes h{\'e}t{\'e}rog{\`e}nes ; Alg{\`e}bre lin{\'e}aire dense ; Ordonnancement dynamique ; Ordonnancement {\`a} base de graphe de t{\^a}ches},
  PDF = {https://tel.archives-ouvertes.fr/tel-01538516/file/KUMAR_SURAL_2017.pdf},
  HAL_ID = {tel-01538516},
  HAL_VERSION = {v1},
}

@inproceedings{dolbeau2007hmpp,
  title={HMPP: A hybrid multi-core parallel programming environment},
  author={Dolbeau, Romain and Bihan, St{\'e}phane and Bodin, Fran{\c{c}}ois},
  booktitle={Workshop on General Purpose Processing on Graphics Processing Units (GPGPU 2007)},
  volume={28},
  year={2007}
}

@article{augonnet2011starpu,
  title={StarPU: a unified platform for task scheduling on heterogeneous multicore architectures},
  author={Augonnet, C{\'e}dric and Thibault, Samuel and Namyst, Raymond and Wacrenier, Pierre-Andr{\'e}},
  journal={Concurrency and Computation: Practice and Experience},
  volume={23},
  number={2},
  pages={187--198},
  year={2011},
  publisher={Wiley Online Library}
}

@article{meuer2014top500,
  title={The TOP500: History, Trends, and Future Directions in High Performance Computing},
  author={Meuer, Hans Werner and Strohmaier, Erich and Dongarra, Jack and Simon, Horst D},
  year={2014},
  publisher={Chapman \& Hall/CRC}
}

@book{hennessy2014organizaccao,
  title={Organiza{\c{c}}{\~a}o e projeto de computadores: a interface hardware/software},
  author={Hennessy, John L and Patterson, David A},
  volume={4},
  year={2014},
  publisher={Elsevier Brasil}
}

@misc{tanenbaum20103a,
  title={3a. Edi{\c{c}}{\~a}o},
  author={Tanenbaum, Andrew S and Modernos, Sistemas Operacionais},
  year={2010},
  publisher={Editora Prentice-Hall}
}

@article{blake2009survey,
  title={A survey of multicore processors},
  author={Blake, Geoffrey and Dreslinski, Ronald G and Mudge, Trevor},
  journal={IEEE Signal Processing Magazine},
  volume={26},
  number={6},
  year={2009},
  publisher={IEEE}
}

@article{kindratenko2010high,
  title={High-performance computing with accelerators},
  author={Kindratenko, Volodymyr and Wilhelmson, Robert and Brunner, Robert and J. Mart{\"\i}nez, Todd and Hwu, Wen-mei},
  journal={Computing in Science \& Engineering},
  volume={12},
  number={4},
  pages={12--16},
  year={2010},
  publisher={IEEE}
}

@article{thoman2018taxonomy,
  title={A taxonomy of task-based parallel programming technologies for high-performance computing},
  author={Thoman, Peter and Dichev, Kiril and Heller, Thomas and Iakymchuk, Roman and Aguilar, Xavier and Hasanov, Khalid and Gschwandtner, Philipp and Lemarinier, Pierre and Markidis, Stefano and Jordan, Herbert and others},
  journal={The Journal of Supercomputing},
  volume={74},
  number={4},
  pages={1422--1434},
  year={2018},
  publisher={Springer}
}

@article{pinto2013escalonamento,
  title={Escalonamento por roubo de tarefas em sistemas Multi-CPU e Multi-GPU},
  author={Pinto, Vin{\'\i}cius Garcia},
  year={2013}
}

@book{grama2003introduction,
  title={Introduction to parallel computing},
  author={Grama, Ananth and Kumar, Vipin and Gupta, Anshul and Karypis, George},
  year={2003},
  publisher={Pearson Education}
}

@article{pinto2017visual,
  title={A Visual Performance Analysis Framework for Task-based Parallel Applications running on Hybrid Clusters},
  author={Pinto, Vin{\'\i}cius and Schnorr, Lucas and Stanisic, Luka and Legrand, Arnaud and Thibault, Samuel and Danjean, Vincent},
  year={2017}
}

@phdthesis{augonnet2011scheduling,
  title={Scheduling Tasks over Multicore machines enhanced with acelerators: a Runtime System's Perspective},
  author={Augonnet, C{\'e}dric},
  year={2011},
  school={Universit{\'e} Bordeaux 1}
}

@article{theinparallel,
  title={Parallel Computation of Solution to One Dimensional Heat Equation Using MPI},
  author={Thein, Myint Myint},
  year={2011},
  journal={Universities Research Journal}
}

@Manual{abnTeX22014b,
  Title                    = {A classe abntex2},
  Author                   = {abnTeX2 and Lauro C\'{e}sar Araujo},
  Organization             = {Equipe abnTeX2},
  Year                     = {2014},

  Bdsk-url-1               = {http://code.google.com/p/abntex2/wiki/Download},
  Pages                    = {46},
  Subtitle                 = {Documentos t\'{e}cnicos e cient\'{i}ficos brasileiros compat\'{i}veis com as normas ABNT},
  Timestamp                = {2014.09.27},
  Url                      = {http://abntex2.googlecode.com/},
  Urlaccessdate            = {12 de setembro de 2014}
}

@Manual{abnTeX22014d,
  Title                    = {O pacote abntex2cite},
  Author                   = {abnTeX2 and Lauro C\{\textquoteright}{e}sar Araujo},
  Organization             = {Equipe abnTeX2},
  Year                     = {2014},

  Bdsk-url-1               = {http://code.google.com/p/abntex2/wiki/Download},
  Pages                    = {91},
  Subtitle                 = {Estilos bibliogr\'{a}ficos compat\'{i}veis com a ABNT NBR 6023},
  Timestamp                = {2014.09.27},
  Url                      = {http://abntex2.googlecode.com/},
  Urlaccessdate            = {12 de setembro de 2014}
}

@Manual{abnTeX22014c,
  Title                    = {O pacote abntex2cite},
  Author                   = { Lauro C\'{e}sar Araujo and abnTeX2 },
  Organization             = {Equipe abnTeX2},
  Year                     = {2014},

  Bdsk-url-1               = {http://code.google.com/p/abntex2/wiki/Download},
  Pages                    = {23},
  Subtitle                 = {T\'{o}picos espec\'{i}ficos da ABNT NBR 10520:2002 e o estilo bibliogr\'{a}fico alfab\'{e}tico (sistema autor-data)},
  Timestamp                = {2014.09.27},
  Url                      = {http://abntex2.googlecode.com/},
  Urlaccessdate            = {12 de setembro de 2014}
}

@Book{Barbosa2004,
  Title                    = {Testando a utiliza{\c c}\~ao de ``et al.''},
  Author                   = {Carlos Barbosa and {Maria da} Silva Cardoso and {Tenitos da} Silva and Carminda Soares},
  Publisher                = {Editora},
  Year                     = {2004},

  Address                  = {Cidade},
  Edition                  = {2},

  Page                     = {5},
  Timestamp                = {2014.09.24}
}

@Misc{BibTeX2014,
  Title                    = {BibTeX.org},

  Author                   = {BibTeX},
  Year                     = {2014},

  Timestamp                = {2014.09.27},
  Url                      = {http://www.bibtex.org},
  Urlaccessdate            = {31 de julho de 2014}
}

@Book{Buerger1989,
  Title                    = {LaTeX for scientists and engineers},
  Author                   = {Buerger, David John},
  Publisher                = {McGraw-Hill},
  Year                     = {1989},

  Address                  = {Singapura},

  Timestamp                = {2014.09.27}
}

@Article{Carvalho2001,
  Title                    = {Intelig{\^e}ncia competitiva numa vis\~ao de futuro},
  Author                   = {Cl\{\textquoteright}{a}udia Carvalho and Jos\'{e} Fajardo and Joaquim Cruz},
  Journal                  = {DataGramaZero - Revista da Ci{\^e}ncia da Informa{\c c}\~ao},
  Year                     = {2001},
  Number                   = {3},
  Pages                    = {12--16},
  Volume                   = {2},

  Mounth                   = {junho},
  Subtitle                 = {proposta metodol\'{o}gica},
  Timestamp                = {2014.09.27}
}

@Book{Goossens2007,
  Title                    = {The LaTeX graphics companion},
  Author                   = {Goossens, Michel and Mittelbach, Frank and Rahtz, Sebastian and Roegel, Denis and Voss, Herbert},
  Publisher                = {Addison-Wesley},
  Year                     = {2007},

  Address                  = {Boston},
  Edition                  = {2},

  Timestamp                = {2014.09.27}
}

@Misc{IRL2014,
  Title                    = {Internet Research Laboratory},

  Author                   = {IRL},
  Year                     = {2014},

  Key                      = {IRL},
  Timestamp                = {2014.09.24},
  Url                      = {http://irl.cs.ucla.edu/topology},
  Urlaccessdate            = {8 de mar{\c c}o de 2014}
}

@Book{Kopka2003,
  Title                    = {Guide to LaTeX},
  Author                   = {Kopka, Helmut and Daly, Patrick W.},
  Publisher                = {Addison-Wesley},
  Year                     = {2003},

  Address                  = {Boston},
  Edition                  = {4},

  Timestamp                = {2014.09.27}
}

@Book{Lamport1986,
  Title                    = {LaTeX: a document preparation system},
  Author                   = {Lamport, Leslie},
  Publisher                = {Addison-Wesley},
  Year                     = {1986},

  Address                  = {Boston},

  Timestamp                = {2014.09.27}
}

@Misc{LaTeX2014,
  Title                    = {The LaTeX project},

  Author                   = {LaTeX},
  Year                     = {2014},

  Timestamp                = {2014.09.27},
  Url                      = {http://www.latex-project.org},
  Urlaccessdate            = {31 de julho de 2014}
}

@Book{Maturana2003,
  Title                    = {A \'{A}rvore do Conhecimento},
  Author                   = {Humberto R. Maturana and Francisco J. Varela},
  Publisher                = {Editora Palas Athena},
  Year                     = {2003},

  Address                  = {S\~ao Paulo},
  Edition                  = {3},

  Page                     = {283},
  Subtitle                 = {as bases biol\'{o}gicas da compreens\~{a}o humana},
  Timestamp                = {2014.09.27}
}

@Book{Mittelbach2004,
  Title                    = {The LaTeX companion},
  Author                   = {Mittelbach, Frank and Goossens, Michel and Braams, Johannes and Carlisle, David and Rowley, Chris},
  Publisher                = {Addison-Wesley},
  Year                     = {2004},

  Address                  = {Boston},
  Edition                  = {2},

  Timestamp                = {2014.09.27}
}

@PhdThesis{Neubert2001,
  Title                    = {Algoritmos Distribu\'{i}dos para a Constru{\c c}\~ao de Arquivos Invertidos},
  Author                   = {Marden Silveira Neubert},
  School                   = {Departamento de Computa{\c c}\~ao, Universidade Federal de Minas Gerais},
  Year                     = {2001},

  Address                  = {Belo Horizonte},
  Type                     = {Doutorado em Ci{\^e}ncia da Computa{\c c}\~ao},

  Pagename                 = {f.},
  Pages                    = {145},
  Timestamp                = {2014.09.26},
  Year-presented           = {Mar{\c c}o 2001}
}

@MastersThesis{Santos2003,
  Title                    = {Aspectos Conceituais e Arquiteturais para a Cria{\c c}\~ao de Linhagens de Agentes de Software Cognitivos e Situados},
  Author                   = {Bruno Andr\'{e} Santos},
  School                   = {Centro Federal de Educa{\c c}\~ao Tecnol\'{o}gica de Minas Gerais},
  Year                     = {2003},

  Address                  = {Belo Horizonte},
  Type                     = {Mestrado em Tecnologia -- Nome da \'{a}rea de concentra{\c c}\~ao},

  Key                      = {intelig{\^e}ncia artificial, agentes inteligentes, cogni{\c c}\~ao situada},
  Pagename                 = {f.},
  Pages                    = {130},
  Timestamp                = {2014.09.26},
  Year-presented           = {Junho 2003}
}

@Book{Silva2000,
  Title                    = {A Intelig{\^e}ncia da Complexidade},
  Author                   = {Silva, Joaquim and Souza, Jo\~ao {Luiz de}},
  Publisher                = {Editora Petr\'{o}polis},
  Year                     = {2000},

  Address                  = {S\~ao Paulo},

  Timestamp                = {2014.09.24}
}

@MastersThesis{Souza2012,
  Title                    = {Recupera{\c c}\~ao de V\'{i}deos Baseada em Conte\'{u}do em um Sistema de Informa{\c c}\~ao para Apoio \`{a} An\'{a}lise do Discurso Televisivo},
  Author                   = {Celso {Luiz de} Souza},
  School                   = {Centro Federal de Educa{\c c}\~ao Tecnol\'{o}gica de Minas Gerais},
  Year                     = {2012},

  Address                  = {Belo Horizonte},
  Type                     = {Mestrado em Modelagem Matem\'{a}tica e Computacional -- Sistemas Inteligentes},

  Pagename                 = {f.},
  Pages                    = {130},
  Timestamp                = {2014.09.26},
  Year-presented           = {Outubro 2011}
}

@Article{vanGELDER1998,
  Title                    = {Disentangling Dynamics, Computation and Cognition},
  Author                   = {Tim {van GELDER}},
  Journal                  = {Behavioral and Brain Sciences},
  Year                     = {1998},
  Pages                    = {40--47},
  Volume                   = {21},

  Key                      = {cognitive science, digital computer, dynamical hypothesis, dynamical system},
  Timestamp                = {2014.09.26}
}

@Manual{NBR14724:2011,
  Title                    = {{ABNT NBR} 14724},

  Address                  = {Rio de Janeiro},
  Month                    = mar,
  Organization             = {Associa{\c c}\~ao Brasileira de Normas T\'ecnicas},
  Year                     = {2011},

  Org-short                = {ABNT},
  Pages                    = {11},
  Subtitle                 = {Informa{\c c}\~ao e documenta{\c c}\~ao --- Trabalhos acad\^emicos --- Apresenta{\c c}\~ao},
  Timestamp                = {2014.09.27}
}

@Manual{NBR15287:2005,
  Title                    = {{ABNT NBR} 15287},

  Address                  = {Rio de Janeiro},
  Month                    = {dez.},
  Organization             = {Associa{\c c}\~ao Brasileira de Normas T\'ecnicas},
  Year                     = {2005},

  Org-short                = {ABNT},
  Pages                    = {6},
  Subtitle                 = {Informa{\c c}\~ao e documenta{\c c}\~ao --- Projeto de pesquisa --- Apresenta{\c c}\~ao},
  Timestamp                = {2014.09.27}
}

@Manual{NBR10520:2002,
  Title                    = {{NBR} 10520},

  Address                  = {Rio de Janeiro},
  Month                    = {ago.},
  Organization             = {Associa{\c c}\~ao Brasileira de Normas T\'ecnicas},
  Year                     = {2002},

  Org-short                = {ABNT},
  Pages                    = {7},
  Subtitle                 = {Informa{\c c}\~ao e documenta{\c c}\~ao --- Cita{\c c}\~oes em documentos --- Apresenta{\c c}\~ao},
  Timestamp                = {2014.09.27}
}

@Manual{NBR6023:2002,
  Title                    = {{NBR} 6023},

  Address                  = {Rio de Janeiro},
  Month                    = {ago.},
  Organization             = {Associa{\c c}\~ao Brasileira de Normas T\'ecnicas},
  Year                     = {2002},

  Org-short                = {ABNT},
  Pages                    = {24},
  Subtitle                 = {Informa{\c c}\~ao e documenta{\c c}\~ao --- Refer\^encias --- Elabora{\c c}\~ao},
  Timestamp                = {2014.09.27}
}